<?xml version="1.0" encoding="UTF-8"?><collection><record><leader>06367ntm a2200601 a 4500</leader><controlfield tag="001">006812962</controlfield><controlfield tag="003">MiAaHDL</controlfield><controlfield tag="005">20190719000000.0</controlfield><controlfield tag="006">m        d        </controlfield><controlfield tag="007">cr bn ---auaua</controlfield><controlfield tag="008">090604s15uu    xx            00| ||per d</controlfield><datafield tag="035" ind1=" " ind2=" "><subfield code="a">(MiU)006812962</subfield></datafield><datafield tag="035" ind1=" " ind2=" "><subfield code="a">sdr-miu006812962</subfield></datafield><datafield tag="040" ind1=" " ind2=" "><subfield code="a">MiU</subfield><subfield code="c">MiU</subfield><subfield code="e">amremm</subfield></datafield><datafield tag="043" ind1=" " ind2=" "><subfield code="a">n-us-mi</subfield></datafield><datafield tag="100" ind1="0" ind2=" "><subfield code="6">880-01</subfield><subfield code="a">Jalāl al-Dīn Rūmī,</subfield><subfield code="c">Maulana,</subfield><subfield code="d">1207-1273.</subfield></datafield><datafield tag="240" ind1="1" ind2="0"><subfield code="6">880-02</subfield><subfield code="a">Dīvān-i Shams-i Tabrīzī</subfield></datafield><datafield tag="245" ind1="1" ind2="0"><subfield code="6">880-03</subfield><subfield code="a">Dīvān-i sulṭān al-ʻārifīn Jalāl al-Dīn Mawlānā al-Rūmī,</subfield><subfield code="f">[16th century?].</subfield></datafield><datafield tag="246" ind1="3" ind2=" "><subfield code="a">دیوان سلطان العارفین مولانا جلال الدین الرومی</subfield></datafield><datafield tag="246" ind1="3" ind2=" "><subfield code="a">دیوان شمس تبریزی</subfield></datafield><datafield tag="246" ind1="3" ind2=" "><subfield code="6">880-04</subfield><subfield code="i">Title from inscription on 'title page' (p.5):</subfield><subfield code="a">ديوان سلطان العارفين مولانا جلال الدين الرومى</subfield></datafield><datafield tag="260" ind1=" " ind2=" "><subfield code="c">[15--?].</subfield></datafield><datafield tag="300" ind1=" " ind2=" "><subfield code="a">277 leaves :</subfield><subfield code="b">paper ;</subfield><subfield code="c">228 x 157 (146 x 66) mm.</subfield></datafield><datafield tag="500" ind1=" " ind2=" "><subfield code="a">Shelfmark: Ann Arbor, University of Michigan, Special Collections Library, Isl. Ms. 296</subfield></datafield><datafield tag="500" ind1=" " ind2=" "><subfield code="a">Origin: Lacks dated colophon. Executed for (bi-rasm) one Ahmet Paşa ( احمد پاشا ), likely grand vizier (possibly Kara Ahmet Paşa, Hafız Ahmet Paşa, etc.). Decoration, etc. would suggest 16th or 17th century.</subfield></datafield><datafield tag="500" ind1=" " ind2=" "><subfield code="a">Former shelfmark: "185 T. D. M. [i.e. Tammaro De Marinis]" inscribed in pencil on interior of upper cover ; traces of numeral inscribed on tail edge.</subfield></datafield><datafield tag="500" ind1=" " ind2=" "><subfield code="a">Binding: Pasteboards covered in quite dark brown (nearly black) leather (spine and fore edge flap now in dark red leather) ; Type II binding (with flap) ; pastedowns / flyleaves now in untinted European laid paper with name watermark partially visible (over yellow laid paper) ; upper and lower covers carry stamped scalloped mandorla (filled with vegetal composition, compare Déroche class. OSh 9), pendants and cornerpieces with gold-painted accents and tooled border ; sewn in pale yellow and dark blue thread, two stations ; worked chevron endbands in pink and yellow, damaged ; overall in fair condition with some abrasion, staining, lifting of leather, etc. ; has been rebacked (spine repair in dark red brown leather) and fore edge flap has been repaired as well.</subfield></datafield><datafield tag="500" ind1=" " ind2=" "><subfield code="a">Support: non-European laid paper with 8 laid lines per cm. (vertical and horizontal, indistinct), cloudy formation, heavily sized and burnished, glossy and crisp, medium cream in color ; much foxing.</subfield></datafield><datafield tag="500" ind1=" " ind2=" "><subfield code="a">Decoration: Illuminated frontispiece (roundel) on 'title page' (p.5) carrying patronage statement / ex libris of Ahmet Paşa ( احمد پاشا ) in white on a gold ground at center and bordered by delicate arabesque with floral motifs in gold, orange, pink, red, yellow and black on a field of lapis lazuli ; elegant illuminated headpiece at opening on p.6 consisting of rectangular piece with central cartouche (more mandorla shape) carrying title ("ديوان سلطان العارفين جلال الدين مولانا الرومى") in white on a gold ground surrounded by a rich arabesque in gold with floral accents in pink, orange, red, yellow, lavender and white on a lapis lazuli ground, surmounted by a narrower rectangle continuing the arabesque composition and itself surmounted by vertical stalks (tīgh) in blue ; written area (and columns within) surrounded by gold frame ; keywords and headings chrysographed.</subfield></datafield><datafield tag="500" ind1=" " ind2=" "><subfield code="a">Script: Nastaʻlīq (talik) ; compact, elegant hand ; serifless, with effect of words descending to baseline, closed counters, and elongated horizontal strokes.</subfield></datafield><datafield tag="500" ind1=" " ind2=" "><subfield code="a">Layout: Written in 17 lines per page with written area mainly divided to two columns ; frame-ruled.</subfield></datafield><datafield tag="500" ind1=" " ind2=" "><subfield code="a">Collation: i, V-3 (7), 2 V(27), IV (35), 3 V(65), IV (73), 15 V(223), IV (271), IV-2 (277) ; quinions and quaternions ; catchwords present ; pagination in pencil, Western numerals, supplied during digitization (includes flyleaf and skips two pages between pp.485-486).</subfield></datafield><datafield tag="500" ind1=" " ind2=" "><subfield code="a">Incipit: "ای طایران قدس را عشقت فزوده بالها ..."</subfield></datafield><datafield tag="500" ind1=" " ind2=" "><subfield code="a">Title from headpiece at opening on p.6.</subfield></datafield><datafield tag="500" ind1=" " ind2=" "><subfield code="a">Ms. codex.</subfield></datafield><datafield tag="510" ind1="4" ind2=" "><subfield code="a">Cat. Pers. MSS. Brit. Mus.,</subfield><subfield code="c">p.593</subfield></datafield><datafield tag="520" ind1="8" ind2=" "><subfield code="a">Elegant copy of the Dīvān of Jalāl al-Dīn Rūmī, commonly called Dīvān-i Shams-i Tabrīz given the poet's taking the name of his spiritual guide and mystic lover Shams al-Dīn Muḥammad ibn ʻAlī Tabrīzī as his takhalluṣ.</subfield></datafield><datafield tag="538" ind1=" " ind2=" "><subfield code="a">Mode of access: Internet.</subfield></datafield><datafield tag="541" ind1=" " ind2=" "><subfield code="c">Purchase ;</subfield><subfield code="a">Acquired by purchase (funds donated by Horace Rackham).</subfield><subfield code="d">1924.</subfield></datafield><datafield tag="546" ind1=" " ind2=" "><subfield code="a">Persian.</subfield></datafield><datafield tag="561" ind1=" " ind2=" "><subfield code="a">On front flyleaf (p.1), ownership statement accompanied by oval seal impression in name of one ʻAlī, statement reads "من كتب الفقير على غفر له" ; patronage statement / ex libris in illuminated roundel on 'title page' (p.5) in name of one Ahmet Paşa ( احمد پاشا ), reads "برسم خزانة الصادق العادل الكامل المعتقد الملك المنان المجاهد في سبيل ربه المستعان آصف ملك سليمان احمد پاشا لا زال دولته الى عاد الزمان" ; also on 'title page' (p.5), effaced circular seal impression, small oval seal impression and statement in upper outer corner with trace of name "عبد الباقي الحسيني" (ʻAbd al-Bāqī al-Ḥusaynī) ; fairly clean copy ; on lower pastedown "احمد اديب" with incomplete date.</subfield></datafield><datafield tag="650" ind1=" " ind2="0"><subfield code="a">Manuscripts, Persian</subfield><subfield code="z">Michigan</subfield><subfield code="z">Ann Arbor.</subfield></datafield><datafield tag="650" ind1=" " ind2="0"><subfield code="a">Persian poetry</subfield><subfield code="y">747-1500.</subfield></datafield><datafield tag="650" ind1=" " ind2="0"><subfield code="a">Sufi poetry, Persian</subfield><subfield code="v">Early works to 1800.</subfield></datafield><datafield tag="655" ind1=" " ind2="7"><subfield code="a">Headpieces (layout features)</subfield><subfield code="y">17th century.</subfield><subfield code="2">aat</subfield></datafield><datafield tag="700" ind1="0" ind2=" "><subfield code="a">Abdülhamid</subfield><subfield code="b">II,</subfield><subfield code="c">Sultan of the Turks,</subfield><subfield code="d">1842-1918,</subfield><subfield code="e">former owner.</subfield></datafield><datafield tag="700" ind1="0" ind2=" "><subfield code="6">880-04</subfield><subfield code="a">Aḥmad Pāshā,</subfield><subfield code="e">patron.</subfield></datafield><datafield tag="773" ind1="0" ind2=" "><subfield code="a">Abdul Hamid Collection.</subfield></datafield><datafield tag="880" ind1="0" ind2=" "><subfield code="6">700-04/</subfield><subfield code="a">احمد پاشا</subfield><subfield code="e">راع.</subfield></datafield><datafield tag="880" ind1="3" ind2=" "><subfield code="6">246-04/</subfield><subfield code="a">Dīvān-i sulṭān al-ʻārifīn Mawlānā Jalāl al-Dīn al-Rūmī</subfield></datafield><datafield tag="880" ind1="1" ind2="0"><subfield code="6">245-03/</subfield><subfield code="a">ديوان سلطان العارفين جلال الدين مولانا الرومي,</subfield><subfield code="f">[القرن 16م؟].</subfield></datafield><datafield tag="880" ind1="1" ind2="0"><subfield code="6">240-02/</subfield><subfield code="a">ديوان شمس تبريزى.</subfield></datafield><datafield tag="880" ind1="0" ind2=" "><subfield code="6">100-01/</subfield><subfield code="a">جلال الدين رومى,</subfield><subfield code="c">مولانا.</subfield></datafield><datafield tag="CID" ind1=" " ind2=" "><subfield code="a">006812962</subfield></datafield><datafield tag="DAT" ind1="0" ind2=" "><subfield code="a">20190719102637.0</subfield><subfield code="b">20190719000000.0</subfield></datafield><datafield tag="DAT" ind1="1" ind2=" "><subfield code="a">20190719090653.0</subfield><subfield code="b">2019-07-19T16:11:51Z</subfield></datafield><datafield tag="DAT" ind1="2" ind2=" "><subfield code="a">2015-10-02T18:00:03Z</subfield></datafield><datafield tag="CAT" ind1=" " ind2=" "><subfield code="a">SDR-MIU</subfield><subfield code="d">EX LIBRIS - ALEPH</subfield><subfield code="l">prepare.pl-004-008</subfield></datafield><datafield tag="FMT" ind1=" " ind2=" "><subfield code="a">BK</subfield></datafield><datafield tag="HOL" ind1=" " ind2=" "><subfield code="0">sdr-miu006812962</subfield><subfield code="a">MiU</subfield><subfield code="b">SDR</subfield><subfield code="c">MIU</subfield><subfield code="p">mdp.39015079128149</subfield><subfield code="s">MIU</subfield><subfield code="1">006812962</subfield></datafield><datafield tag="974" ind1=" " ind2=" "><subfield code="b">MIU</subfield><subfield code="c">MIU</subfield><subfield code="d">20190719</subfield><subfield code="s">lit-dlps-dc</subfield><subfield code="u">mdp.39015079128149</subfield><subfield code="y">1599</subfield><subfield code="r">pd</subfield><subfield code="q">bib</subfield><subfield code="t">non-US bib date1 &lt; 1896</subfield></datafield></record></collection>